
@article{turing1936,
  author  = {Alan M. Turing},
  title   = {On Computable Numbers, with an Application to the Entscheidungsproblem},
  journal = {Proceedings of the London Mathematical Society},
  year    = {1936}
}

@inproceedings{vaswani2017attention,
  title={Attention Is All You Need},
  author={Vaswani, Ashish and others},
  booktitle={Advances in Neural Information Processing Systems},
  year={2017}
}

@article{chaitin1975randomness,
  title={A theory of program size formally identical to information theory},
  author={Chaitin, Gregory J.},
  journal={Journal of the ACM},
  year={1975}
}
